<?xml version="1.0" encoding="UTF-8"?><collection xmlns="http://www.loc.gov/MARC21/slim"><record><leader>00451nam--2200193-u-4500</leader><controlfield tag="001">000051344</controlfield><controlfield tag="002">20161230</controlfield><controlfield tag="005">20161230201049</controlfield><controlfield tag="008">080702s1000------------r-----000-0-eng-d</controlfield><datafield ind1=" " ind2=" " tag="020"><subfield code="a">0-415-22874-3</subfield></datafield><datafield ind1=" " ind2=" " tag="040"><subfield code="a">IFIN-HH</subfield></datafield><datafield ind1=" " ind2=" " tag="080"><subfield code="a">72.051</subfield></datafield><datafield ind1="1" ind2="0" tag="100"><subfield code="a">Unwin, Simon</subfield></datafield><datafield ind1="1" ind2="0" tag="245"><subfield code="a">An Architecture Notebook</subfield></datafield><datafield ind1=" " ind2=" " tag="260"><subfield code="a">London</subfield><subfield code="b">Routledge</subfield><subfield code="c">2007</subfield></datafield><datafield ind1=" " ind2=" " tag="300"><subfield code="a">226 p</subfield></datafield><datafield ind1="1" ind2=" " tag="700"><subfield code="a">Simon Unwin</subfield></datafield><datafield ind1=" " ind2=" " tag="852"><subfield code="a">81996</subfield><subfield code="c">624</subfield></datafield><datafield ind1=" " ind2=" " tag="CAT"><subfield code="a">Sys</subfield><subfield code="c">20080702</subfield><subfield code="h">103016</subfield></datafield></record></collection>